@incollection{TemplateAlgorithm,
	author= "Tim Cootes",
	editor	= "Oxford University Press",
	title	= "Model-Based Methods in Analysis of Biomedical Images",
	booktitle= "Image Processing and Analysis",
	publisher= "Oxford University Press",
}

@misc{GenerateModel,
  title = {Computer Vision [H02K5a] : Final Project: Model Reconstruction}!
}